@article{fibref,
    author = {Wikipedia.org},
    title = {Fibonacci Number},
    note = { \url{http://en.wikipedia.org/wiki/Fibonacci_number} }
}

@article{marsref,
    author = {Ken Vollmar},
    title = {MARS: MIPS Assembler and Runtime Simulator},
    note = { \url{http://courses.missouristate.edu/kenvollmar/mars/} }
}

@article{recref,
    author = {Pei-Yih Ting},
    title = {Recursive Function Design},
    note = { \url{http://squall.cs.ntou.edu.tw/cprog/materials/recursive.html} }
}

@article{tailref,
    author = {stackoverflow.com},
    title = {What is Tail Recursion},
    note = { \url{http://stackoverflow.com/questions/33923/what-is-tail-recursion} }
}

@article{callref,
    author = {Yarsun Hsu},
    title = {Chapter2: Instructions Part B, EE3450},
    note = { \url{http://lms.nthu.edu.tw/sys/read_attach.php?id=709260} }
}

@article{malloc,
    author = {cppreference.com},
    title = {C Dynamic Memory Management: malloc},
    note = { \url{http://en.cppreference.com/w/c/memory/malloc} }
}

@article{syscall9,
    author = {stackoverflow.com},
    title = {How Does MIPS Allocate Memory for Arrays},
    note = { \url{http://stackoverflow.com/questions/19612459/mips-how-does-mips-allocate-memory-for-arrays-in-the-stack} }
}

@article{matrix,
    author = {dailyfreecode.com},
    title = {Matrix Multiplication Function},
    note = { \url{http://www.dailyfreecode.com/code/matrix-multiplication-function-2225.aspx} }
}

@article{qmat,
    author = {Mathworld},
    title = {Fibonacci Q-Matrix},
    note = { \url{http://mathworld.wolfram.com/FibonacciQ-Matrix.html} }
}


@article{fast,
    author = {stackexchange.com},
    title = {Fast Doubling Proof},
    note = { \url{http://math.stackexchange.com/questions/1124590/need-help-understanding-fibonacci-fast-doubling-proof} }
}


